@article{unwin2020data,
  title={Why is data visualization important? what is important in data visualization?},
  author={Unwin, Antony},
  journal={Harvard Data Science Review},
  volume={2},
  number={1},
  year={2020},
  publisher={PubPub}
}

@article{lewandowsky1989perception,
  title={The perception of statistical graphs},
  author={Lewandowsky, Stephan and Spence, Ian},
  journal={Sociological Methods \& Research},
  volume={18},
  number={2-3},
  pages={200--242},
  year={1989},
  publisher={Sage Publications}
}

@article{mosteller1981eye,
  title={Eye fitting straight lines},
  author={Mosteller, Frederick and Siegel, Andrew F and Trapido, Edward and Youtz, Cleo},
  journal={The American Statistician},
  volume={35},
  number={3},
  pages={150--152},
  year={1981},
  publisher={Taylor \& Francis}
}

@article{finney1951subjective,
  title={Subjective judgment in statistical analysis: An experimental study},
  author={Finney, DJ},
  journal={Journal of the Royal Statistical Society: Series B (Methodological)},
  volume={13},
  number={2},
  pages={284--297},
  year={1951},
  publisher={Wiley Online Library}
}

@article{finney1948table,
  title={A table for the calculation of working probits and weights in probit analysis},
  author={Finney, David John and Stevens, WL},
  journal={Biometrika},
  volume={35},
  number={1/2},
  pages={191--201},
  year={1948},
  publisher={JSTOR}
}

@book{giesbrecht2004planning,
  title={Planning, construction, and statistical analysis of comparative experiments},
  author={Giesbrecht, Francis G and Gumpertz, Marcia L},
  volume={405},
  chapter = {6},
  pages = {118--157},
  year={2004},
  publisher={John Wiley \& Sons}
}

@article{ciccione2021can,
  title={Can humans perform mental regression on a graph? Accuracy and bias in the perception of scatterplots},
  author={Ciccione, Lorenzo and Dehaene, Stanislas},
  journal={Cognitive Psychology},
  volume={128},
  pages={101406},
  year={2021},
  publisher={Elsevier}
}

@misc{aisch_cox_quealy_2015, 
  title = {You Draw It: How Family Income Predicts Children's College Chances}, 
  url = {https://www.nytimes.com/interactive/2015/05/28/upshot/you-draw-it-how-family-income-affects-childrens-college-chances.html}, 
  journal = {The New York Times}, 
  publisher = {The New York Times}, 
  author = {Aisch, Gregor and Cox, Amanda and Quealy, Kevin}, 
  year = {2015}, 
  month = {May}
} 

@misc{buchanan_park_pearce_2017, 
  title = {You Draw It: What Got Better or Worse During Obama's Presidency}, 
  url = {https://www.nytimes.com/interactive/2017/01/15/us/politics/you-draw-obama-legacy.html}, 
  journal = {The New York Times}, publisher={The New York Times}, 
  author = {Buchanan, Larry and Park, Haeyoun and Pearce, Adam}, 
  year = {2017}, 
  month = {Jan}
} 

@misc{katz_2017, 
  title = {You Draw It: Just How Bad Is the Drug Overdose Epidemic?}, 
  url = {https://www.nytimes.com/interactive/2017/04/14/upshot/drug-overdose-epidemic-you-draw-it.html},
  journal = {The New York Times}, 
  publisher = {The New York Times}, 
  author = {Katz, Josh}, 
  year = {2017}, 
  month = {Apr}
} 

@misc{NYTrememberinglives, 
  title={Remembering the 100,000 Lives Lost to Coronavirus in America}, 
  url={https://www.nytimes.com/interactive/2020/05/24/us/us-coronavirus-deaths-100000.html}, 
  journal={The New York Times}, publisher={The New York Times}, 
  author={Barry, Dan and Buchanan, Larry and Cargill, Clinton and Daniel, Annie and Delaquérière, Alain and Gamio, Lazaro and Gianordoli, Gabriel and Harris, Richard and Harvey, Barbara and Haskins, John and et al.}, 
  year={2020}, 
  month={May}
} 

@misc{ryanabest_2021, 
  title={Build An NBA Contender With Our Roster-Shuffling Machine}, 
  url={https://projects.fivethirtyeight.com/nba-trades-2021/}, 
  journal={FiveThirtyEight}, 
  author={Ryanabest}, 
  year={2021}, 
  month={Jun}
}

@Book{ggplot2,
  author = {Hadley Wickham},
  title = {ggplot2: Elegant Graphics for Data Analysis},
  publisher = {Springer-Verlag New York},
  year = {2016},
  isbn = {978-3-319-24277-4},
  url = {https://ggplot2.tidyverse.org},
}

@Article{lme4,
    title = {Fitting Linear Mixed-Effects Models Using {lme4}},
    author = {Douglas Bates and Martin M{\"a}chler and Ben Bolker and Steve Walker},
    journal = {Journal of Statistical Software},
    year = {2015},
    volume = {67},
    number = {1},
    pages = {1--48},
    doi = {10.18637/jss.v067.i01},
}

@Article{mgcv1,
    title = {Fast stable restricted maximum likelihood and marginal 
likelihood estimation of semiparametric generalized linear models},
    journal = {Journal of the Royal Statistical Society (B)},
    volume = {73},
    number = {1},
    pages = {3-36},
    year = {2011},
    author = {S. N. Wood},
}

@Article{mgcv2,
    title = {Smoothing parameter and model selection for general smooth models (with discussion)},
    author = {S.N. Wood and {N.} and {Pya} and B. Saefken},
    journal = {Journal of the American Statistical Association},
    year = {2016},
    pages = {1548-1575},
    volume = {111},
}

@Article{mgcv3,
    title = {Stable and efficient multiple smoothing parameter estimation for 
         generalized additive models},
    journal = {Journal of the American Statistical Association},
    volume = {99},
    number = {467},
    pages = {673-686},
    year = {2004},
    author = {S. N. Wood},
}

@Book{mgcv4,
    title = {Generalized Additive Models: An Introduction with R},
    year = {2017},
    author = {S.N Wood},
    edition = {2},
    publisher = {Chapman and Hall/CRC},
}

@Article{mgcv5,
    title = {Thin-plate regression splines},
    journal = {Journal of the Royal Statistical Society (B)},
    volume = {65},
    number = {1},
    pages = {95-114},
    year = {2003},
    author = {S. N. Wood},
}

@book{wickham2016r,
  title={R for data science: import, tidy, transform, visualize, and model data},
  author={Wickham, Hadley and Grolemund, Garrett},
  year={2016},
  publisher={" O'Reilly Media, Inc."}
}

@book{wilkinson2013grammar,
  title={The grammar of graphics},
  author={Wilkinson, Leland},
  year={2013},
  publisher={Springer Science \& Business Media}
}

@article{wickham2011ggplot2,
  title={ggplot2},
  author={Wickham, Hadley},
  journal={Wiley Interdisciplinary Reviews: Computational Statistics},
  volume={3},
  number={2},
  pages={180--185},
  year={2011},
  publisher={Wiley Online Library}
}

@article{buja2009statistical,
  title={Statistical inference for exploratory data analysis and model diagnostics},
  author={Buja, Andreas and Cook, Dianne and Hofmann, Heike and Lawrence, Michael and Lee, Eun-Kyung and Swayne, Deborah F and Wickham, Hadley},
  journal={Philosophical Transactions of the Royal Society A: Mathematical, Physical and Engineering Sciences},
  volume={367},
  number={1906},
  pages={4361--4383},
  year={2009},
  publisher={The Royal Society Publishing}
}

@article{vanderplas2020testing,
  title={Testing Statistical Charts: What makes a good graph?},
  author={Vanderplas, Susan and Cook, Dianne and Hofmann, Heike},
  journal={Annual Review of Statistics and Its Application},
  volume={7},
  pages={61--88},
  year={2020},
  publisher={Annual Reviews}
}

@article{van2011rapid,
  title={Rapid parallel semantic processing of numbers without awareness},
  author={Van Opstal, Filip and de Lange, Floris P and Dehaene, Stanislas},
  journal={Cognition},
  volume={120},
  number={1},
  pages={136--147},
  year={2011},
  publisher={Elsevier}
}

@article{chong2003representation,
  title={Representation of statistical properties},
  author={Chong, Sang Chul and Treisman, Anne},
  journal={Vision research},
  volume={43},
  number={4},
  pages={393--404},
  year={2003},
  publisher={Elsevier}
}

@article{chong2005statistical,
  title={Statistical processing: Computing the average size in perceptual groups},
  author={Chong, Sang Chul and Treisman, Anne},
  journal={Vision research},
  volume={45},
  number={7},
  pages={891--900},
  year={2005},
  publisher={Elsevier}
}

@article{vanderplas2015spatial,
  title={Spatial reasoning and data displays},
  author={VanderPlas, Susan and Hofmann, Heike},
  journal={IEEE Transactions on Visualization and Computer Graphics},
  volume={22},
  number={1},
  pages={459--468},
  year={2015},
  publisher={IEEE}
}

@article{hofmann2012graphical,
  title={Graphical tests for power comparison of competing designs},
  author={Hofmann, Heike and Follett, Lendie and Majumder, Mahbubul and Cook, Dianne},
  journal={IEEE Transactions on Visualization and Computer Graphics},
  volume={18},
  number={12},
  pages={2441--2448},
  year={2012},
  publisher={IEEE}
}

@article{vanderplas2017clusters,
  title={Clusters beat trend!? testing feature hierarchy in statistical graphics},
  author={VanderPlas, Susan and Hofmann, Heike},
  journal={Journal of Computational and Graphical Statistics},
  volume={26},
  number={2},
  pages={231--242},
  year={2017},
  publisher={Taylor \& Francis}
}

@article{spence1990visual,
  title={Visual psychophysics of simple graphical elements.},
  author={Spence, Ian},
  journal={Journal of Experimental Psychology: Human Perception and Performance},
  volume={16},
  number={4},
  pages={683},
  year={1990},
  publisher={American Psychological Association}
}

@article{cleveland1984graphical,
  title={Graphical perception: Theory, experimentation, and application to the development of graphical methods},
  author={Cleveland, William S and McGill, Robert},
  journal={Journal of the American statistical association},
  volume={79},
  number={387},
  pages={531--554},
  year={1984},
  publisher={Taylor \& Francis}
}

@article{cleveland1985graphical,
  title={Graphical perception and graphical methods for analyzing scientific data},
  author={Cleveland, William S and McGill, Robert},
  journal={Science},
  volume={229},
  number={4716},
  pages={828--833},
  year={1985},
  publisher={American Association for the Advancement of Science}
}